<record><leader>00000cas a22000007a 4500</leader><controlfield tag="001">18026002</controlfield><controlfield tag="008">880601d19261927iauwr ne      0    0eng d</controlfield><datafield ind1=" " ind2=" " tag="010"><subfield code="a">sn 88059595 </subfield></datafield><datafield ind1=" " ind2=" " tag="040"><subfield code="a">INP</subfield><subfield code="b">eng</subfield><subfield code="c">INP</subfield><subfield code="d">OCLCQ</subfield></datafield><datafield ind1=" " ind2=" " tag="042"><subfield code="a">msc</subfield></datafield><datafield ind1="0" ind2="0" tag="245"><subfield code="a">Eagle Grove eagle and Goldfield chronicle.</subfield></datafield><datafield ind1="1" ind2="3" tag="246"><subfield code="a">Goldfield chronicle</subfield></datafield><datafield ind1=" " ind2=" " tag="260"><subfield code="a">Eagle Grove, Iowa :</subfield><subfield code="b">H.W. Barnes,</subfield><subfield code="c">1926-1927.</subfield></datafield><datafield ind1=" " ind2=" " tag="300"><subfield code="a">2 v.</subfield></datafield><datafield ind1=" " ind2=" " tag="310"><subfield code="a">Weekly</subfield></datafield><datafield ind1="0" ind2=" " tag="362"><subfield code="a">Vol. 37, no. 6 (Feb. 11, 1926)-v. 38, no. 3 (Jan. 20, 1927).</subfield></datafield><datafield ind1=" " ind2=" " tag="500"><subfield code="a">Publisher varies.</subfield></datafield><datafield ind1=" " ind2=" " tag="752"><subfield code="a">United States</subfield><subfield code="b">Iowa</subfield><subfield code="c">Wright</subfield><subfield code="d">Eagle Grove.</subfield></datafield><datafield ind1=" " ind2=" " tag="752"><subfield code="a">United States</subfield><subfield code="b">Iowa</subfield><subfield code="c">Wright</subfield><subfield code="d">Goldfield.</subfield></datafield><datafield ind1="0" ind2="4" tag="780"><subfield code="t">Eagle Grove eagle (Eagle Grove, Iowa : 1895)</subfield><subfield code="w">(DLC)sn 87058464</subfield></datafield><datafield ind1="0" ind2="4" tag="780"><subfield code="t">Goldfield chronicle (Goldfield, Iowa)</subfield><subfield code="w">(DLC)sn 88059594</subfield></datafield><datafield ind1="0" ind2="7" tag="785"><subfield code="t">Eagle Grove times (Eagle Grove, Iowa : 1923)</subfield></datafield><datafield ind1="0" ind2="7" tag="785"><subfield code="t">Eagle Grove eagle consolidated with Eagle Grove times and Goldfield chronicle</subfield><subfield code="w">(DLC)sn 88059596</subfield></datafield></record>